@article{SM2013,
author = {Mukherjee, Satyam},
title = {Complex Network Analysis in Cricket: Community Structure, Player's Role and Performance Index},
journal = {Advances in Complex Systems},
volume = {16},
number = {08},
year = {2013},
doi = {10.1142/S0219525913500318}
}

@article{SM2104,
title = "Quantifying individual performance in Cricket â€” A network analysis of batsmen and bowlers",
journal = "Physica A: Statistical Mechanics and its Applications",
volume = "393",
year = "2014",
issn = "0378-4371",
doi = "https://doi.org/10.1016/j.physa.2013.09.027"
}
